


@book{artOfGameDesign,
	author    = "Jesse Schell",
	title     = "The Art of Game Design: A book of lenses",
	year      = "2008",
	publisher = "CRC Press",
}

@misc{platform_wikipedia,
	author = "Wikipedia",
	title = "Platform Game --- Wikipedia{,} L'enciclopedia libera",
	year = "2015",
	url = "https://en.wikipedia.org/wiki/Platform_game"
}

@online{DavidHellmanSite,
	title = {David Hellman official website},
	month = nov,
	author = "David Hellman",
	url = {http://www.davidhellman.net/braidbrief.htm}
}

@online{DiorgoJonkersArticle,
	title = {How to design levels for a platformer},
	author = "Diorgo Jonkers",
	url = {http://devmag.org.za/2011/07/04/how-to-design-levels-for-a-platformer}
}