%% This BibTeX bibliography file was created using BibDesk.
%% http://bibdesk.sourceforge.net/


%% Created for Dario Randazzo at 2015-10-11 18:55:39 +0200 


%% Saved with string encoding Unicode (UTF-8) 



@misc{multiplayerit,
	Date-Added = {2015-10-11 16:55:19 +0000},
	Date-Modified = {2015-10-11 16:55:34 +0000},
	Title = {Multiplayer.it},
	Url = {Multiplayer.it}}

@misc{ignitalia,
	Date-Added = {2015-10-11 16:54:51 +0000},
	Date-Modified = {2015-10-11 16:55:14 +0000},
	Title = {IGN Italia},
	Url = {http://it.ign.com}}

@webpage{sbirprogram,
	Author = {Institute of Education Science},
	Date-Added = {2015-10-11 16:54:12 +0000},
	Date-Modified = {2015-10-11 16:54:45 +0000},
	Title = {Small Business Innovation Research},
	Url = {http://ies.ed.gov/sbir/}}

@webpage{gamesforchange,
	Date-Added = {2015-10-11 16:53:45 +0000},
	Date-Modified = {2015-10-11 16:54:06 +0000},
	Title = {Games For Change},
	Url = {http://www.gamesforchange.org}}

@webpage{jamtoday,
	Author = {E. Pant{\`o}},
	Date-Added = {2015-10-11 16:53:02 +0000},
	Date-Modified = {2015-10-11 16:53:38 +0000},
	Month = {Giugno},
	Title = {Turin Jam Today: La Game Jam per serious game... sul serio},
	Url = {http://www.puntopanto.it/it/2014/06/turin-jam-today-una-game-jam-for-serious-game-sul-serio/},
	Year = {2014}}

@misc{boogamesprojecthome,
	Date-Added = {2015-10-11 16:52:20 +0000},
	Date-Modified = {2015-10-11 16:52:54 +0000},
	Title = {BOO Games - Boosting European Games Industry},
	Url = {http://www.boogames.eu}}

@webpage{boogamesproject,
	Date-Added = {2015-10-11 16:51:55 +0000},
	Date-Modified = {2015-10-11 16:52:11 +0000},
	Title = {BOO-Games},
	Url = {http://www.seriousgamesinstitute.co.uk/applied-research/BOO-Games.aspx}}

@misc{gamejamwiki,
	Author = {Wikipedia},
	Date-Added = {2015-10-11 16:51:10 +0000},
	Date-Modified = {2015-10-11 16:51:48 +0000},
	Title = {Game Jam --- Wikipedia{,} L'enciclopedia libera},
	Url = {https://en.wikipedia.org/wiki/Game_jam}}

@webpage{trialanderror,
	Author = {Wikipedia --- Wikipedia{,} L'enciclopedia libera},
	Date-Added = {2015-10-11 16:00:37 +0000},
	Date-Modified = {2015-10-11 16:01:15 +0000},
	Title = {Trial-and-error},
	Url = {https://en.wikipedia.org/wiki/Trial_and_error},
	Bdsk-Url-1 = {https://en.wikipedia.org/wiki/Trial_and_error}}

@mastersthesis{vreduchristine,
	Author = {M.C. Byrne},
	Date-Added = {2015-10-11 15:58:38 +0000},
	Date-Modified = {2015-10-11 16:00:08 +0000},
	School = {University of Washington, department of Industrial Engineering},
	Title = {Water on Tap - The Use of Virtual Reality as an Educational Tool},
	Year = {1996}}

@misc{apprendimentoesperienziale,
	Author = {Wikipedia},
	Date-Added = {2015-10-11 15:57:25 +0000},
	Date-Modified = {2015-10-11 15:58:09 +0000},
	Title = {Apprendimento EsperienzialePrecinema --- Wikipedia{,} L'enciclopedia libera},
	Url = {https://it.wikipedia.org/wiki/Apprendimento_esperienziale},
	Bdsk-Url-1 = {https://it.wikipedia.org/wiki/Apprendimento_esperienziale}}

@misc{mathblaster,
	Date-Added = {2015-10-11 15:56:48 +0000},
	Date-Modified = {2015-10-11 15:57:10 +0000},
	Title = {Math Blaster},
	Url = {www.mathblaster.com},
	Bdsk-Url-1 = {www.mathblaster.com}}

@webpage{dragonboxhome,
	Date-Added = {2015-10-11 15:56:07 +0000},
	Date-Modified = {2015-10-11 15:56:20 +0000},
	Title = {DragonBox},
	Url = {www.dragonboxapp.com},
	Bdsk-Url-1 = {www.dragonboxapp.com}}

@misc{seriousgamingementor,
	Author = {M. Martini, M.L. Diaz},
	Date-Added = {2015-10-11 15:54:40 +0000},
	Date-Modified = {2015-10-11 15:55:06 +0000},
	Title = {Serious Gaming}}

@url{seriousclass,
	Author = {J. Alvarez, D. Djaouti},
	Date-Added = {2015-10-11 15:40:39 +0000},
	Date-Modified = {2015-10-11 15:41:16 +0000},
	Title = {Serious Game Classification},
	Url = {http://www.serious.gameclassification.com},
	Bdsk-Url-1 = {http://www.serious.gameclassification.com}}

@misc{wikiseriousgames,
	Author = {Wikipedia},
	Date-Added = {2015-10-11 15:40:08 +0000},
	Date-Modified = {2015-10-11 15:52:44 +0000},
	Title = {Serious Game --- Wikipedia{,} L'enciclopedia libera},
	Url = {http://it.wikipedia.org/wiki/Serious_game},
	Bdsk-Url-1 = {http://it.wikipedia.org/wiki/Serious_game}}

@webpage{phychcentral,
	Author = {R. Nauert},
	Date-Added = {2015-10-11 15:39:27 +0000},
	Date-Modified = {2015-10-11 15:39:59 +0000},
	Title = {Video Games Can Help Boost Social, Memory \& Cognitive Skills},
	Url = {http://psychcentral.com/news/2013/11/26/video-games-help-boost-social-memory-cognitive-skills/62537.html},
	Bdsk-Url-1 = {http://psychcentral.com/news/2013/11/26/video-games-help-boost-social-memory-cognitive-skills/62537.html}}

@techreport{esareport-stats,
	Author = {M. D. Gallagher},
	Date-Added = {2015-10-11 15:37:25 +0000},
	Date-Modified = {2015-10-11 15:39:20 +0000},
	Institution = {Entertainment Software Association},
	Title = {ESA 2014 Annual Report},
	Url = {http://www.theesa.com/wp-content/uploads/2015/03/ESA-2014-Annual-Report.pdf},
	Year = {2014},
	Bdsk-Url-1 = {http://www.theesa.com/wp-content/uploads/2015/03/ESA-2014-Annual-Report.pdf}}

@url{unity3d,
	Date-Added = {2015-10-11 15:24:45 +0000},
	Date-Modified = {2015-10-11 15:25:21 +0000},
	Title = {Unity3d},
	Url = {www.unity3d.com},
	Bdsk-Url-1 = {www.unity3d.com}}

@url{asana,
	Date-Added = {2015-10-10 14:03:06 +0000},
	Date-Modified = {2015-10-11 15:24:27 +0000},
	Title = {Asana},
	Url = {https://asana.com},
	Bdsk-Url-1 = {https://asana.com}}

@url{github,
	Date-Added = {2015-10-10 13:56:40 +0000},
	Date-Modified = {2015-10-11 15:24:42 +0000},
	Title = {Git},
	Url = {https://git-scm.com},
	Bdsk-Url-1 = {https://git-scm.com}}
