





@online{Opendaylightwebsite,
	title = {OpenDaylight project official website},
	month = nov,
	year = {2014},
	url = {http://www.opendaylight.org/software}
}

@online{xdpdwebsite,
	title = {xDPd project official website},
	month = nov,
	year = {2014},
	url = {http://www.xdpd.org/}
}

@online{ovswebsite,
	title = {openvswitch project official website},
	month = nov,
	year = {2014},
	url = {http://openvswitch.github.io/}
}

@online{OpenStackwebsite,
	title = {OpenStack project official website},
	month = nov,
	year = {2014},
	url = {http://www.openstack.org/}
}

@online{mysql,
	title = {MySQL official website},
	month = nov,
	year = {2014},
	url = {http://www.mysql.com/}
}

@online{NFVteam,
	title = {The OpenStack NFV Team web page},
	month = sep,
	year = {2014},
	url = {https://wiki.openstack.org/wiki/Teams/NFV}
}

@online{neutronsteeringofficial,
	title = {Neutron Services Insertion, Chaining and Steering blueprint},
	month = sep,
	year = {2014},
	url = {https://blueprints.launchpad.net/neutron/+spec/neutron-services-insertion-chaining-steering}
}

@online{rabbitmq,
	title = {RabbitMQ official website},
	month = nov,
	year = {2014},
	url = {http://www.rabbitmq.com/}
}

@online{KPI,
	title = {key performace indicator},
	month = nov,
	year = {2014},
	url = {http://en.wikipedia.org/wiki/Performance_indicator}
}

@online{nfv,
	title = {European Telecommunication Standards Institute (ETSI), Network Functions Virtualization Industry Specification Group},
	url = {http://portal.etsi.org/NFV}
}


@online{aws,
	title = {Amazon web service},
	url = {http://aws.amazon.com}
}

@online{of10,
	title = {Openflow 1.0},
	url = {https://www.opennetworking.org/}
}

@online{gunicorn,
	title = {Gunicorn},
	url = {http://gunicorn.org/}
}

@online{falcon,
	title = {Falcon},
	url = {http://falconframework.org/}
}


@article{demobudapest,
	title={User-specific Network Service Functions in an SDN-enabled Network Node},
	author={Cerrato, Ivano and Palesandro, Alex and Risso, Fulvio and Jungel, Tobias and Sun{\'e}, Marc and Woesner, Hagen},
	publisher={IEEE},
	year = 2014
}

@online{dpdk,
	title = {Dpdk},
	url = {http://dpdk.org}
}

@online{docker,
	title = {Docker},
	url = {http://www.docker.com}
}
	
	